@article{cazzanelli2016second,
  title={Second order optical nonlinearity in silicon by symmetry breaking},
  author={Cazzanelli, Massimo and Schilling, Joerg},
  journal={Applied Physics Reviews},
  volume={3},
  number={1},
  pages={011104},
  year={2016},
  publisher={AIP Publishing}
}

@article{furst2010naturally,
  title={Naturally phase-matched second-harmonic generation in a whispering-gallery-mode resonator},
  author={F{\"u}rst, JU and Strekalov, DV and Elser, Dominique and Lassen, Mikael and Andersen, Ulrik Lund and Marquardt, Christoph and Leuchs, Gerd},
  journal={Physical review letters},
  volume={104},
  number={15},
  pages={153901},
  year={2010},
  publisher={APS}
}

@article{dominguez2011whispering,
  title={Whispering gallery microresonators for second harmonic light generation from a low number of small molecules},
  author={Dominguez-Juarez, Jorge Luis and Kozyreff, Gregory and Martorell, Jordi},
  journal={Nature communications},
  volume={2},
  pages={254},
  year={2011},
  publisher={Nature Research}
}

@article{xue2017second,
  title={Second-harmonic-assisted four-wave mixing in chip-based microresonator frequency comb generation},
  author={Xue, Xiaoxiao and Leo, Fran{\c{c}}ois and Xuan, Yi and Jaramillo-Villegas, Jose A and Wang, Pei-Hsun and Leaird, Daniel E and Erkintalo, Miro and Qi, Minghao and Weiner, Andrew M},
  journal={Light: Science \& Applications},
  volume={6},
  number={4},
  pages={e16253},
  year={2017},
  publisher={Nature Publishing Group}
}

@article{ilchenko2004nonlinear,
  title={Nonlinear optics and crystalline whispering gallery mode cavities},
  author={Ilchenko, Vladimir S and Savchenkov, Anatoliy A and Matsko, Andrey B and Maleki, Lute},
  journal={Physical review letters},
  volume={92},
  number={4},
  pages={043903},
  year={2004},
  publisher={APS}
}

@article{pereira1988generation,
  title={Generation of squeezed light by intracavity frequency doubling},
  author={Pereira, SF and Xiao, Min and Kimble, HJ and Hall, JL},
  journal={Physical Review A},
  volume={38},
  number={9},
  pages={4931},
  year={1988},
  publisher={APS}
}

@article{sun2015surface,
  title={Surface sum-frequency vibrational spectroscopy of nonpolar media},
  author={Sun, Shumei and Tian, Chuanshan and Shen, Y Ron},
  journal={Proceedings of the National Academy of Sciences},
  volume={112},
  number={19},
  pages={5883--5887},
  year={2015},
  publisher={National Acad Sciences}
}

@article{bloembergen1968optical,
  title={Optical second-harmonic generation in reflection from media with inversion symmetry},
  author={Bloembergen, Nicolaas and Chang, Richard K and Jha, SS and Lee, CH},
  journal={Physical Review},
  volume={174},
  number={3},
  pages={813},
  year={1968},
  publisher={APS}
}

@article{xu2008second,
  title={Second order parametric processes in nonlinear silica microspheres},
  author={Xu, Yong and Han, Ming and Wang, Anbo and Liu, Zhiwen and Heflin, James R},
  journal={Physical review letters},
  volume={100},
  number={16},
  pages={163905},
  year={2008},
  publisher={APS}
}

@article{asano2016visible,
  title={Visible light emission from a silica microbottle resonator by second-and third-harmonic generation},
  author={Asano, Motoki and Komori, Shoichi and Ikuta, Rikizo and Imoto, Nobuyuki and {\"O}zdemir, {\c{S}}K and Yamamoto, Takashi},
  journal={Optics Letters},
  volume={41},
  number={24},
  pages={5793--5796},
  year={2016},
  publisher={Optical Society of America}
}

@article{levy2011harmonic,
  title={Harmonic generation in silicon nitride ring resonators},
  author={Levy, Jacob S and Foster, Mark A and Gaeta, Alexander L and Lipson, Michal},
  journal={Optics express},
  volume={19},
  number={12},
  pages={11415--11421},
  year={2011},
  publisher={Optical Society of America}
}

@article{lettieri2005second,
  title={Second-harmonic generation in hydrogenated amorphous-Si 1- x N x doubly resonant microcavities with periodic dielectric mirrors},
  author={Lettieri, S and Gesuele, F and Maddalena, P and Liscidini, M and Andreani, LC and Ricciardi, C and Ballarini, V and Giorgis, F},
  journal={Applied Physics Letters},
  volume={87},
  number={19},
  pages={191110},
  year={2005},
  publisher={AIP}
}

@article{lettieri2002second,
  title={Second-harmonic generation in amorphous silicon nitride microcavities},
  author={Lettieri, S and Finizio, S Di and Maddalena, P and Ballarini, V and Giorgis, Fabrizio},
  journal={Applied physics letters},
  volume={81},
  number={25},
  pages={4706--4708},
  year={2002},
  publisher={AIP}
}

@article{gouveia2013second,
  title={Second harmonic generation and enhancement in microfibers and loop resonators},
  author={Gouveia, Marcelo A and Lee, Timothy and Ismaeel, Rand and Ding, Ming and Broderick, Neil GR and Cordeiro, Cristiano MB and Brambilla, Gilberto},
  journal={Applied Physics Letters},
  volume={102},
  number={20},
  pages={201120},
  year={2013},
  publisher={AIP}
}

@article{knight1997phase,
  title={Phase-matched excitation of whispering-gallery-mode resonances by a fiber taper},
  author={Knight, J Cheung and Cheung, G and Jacques, F and Birks, TA},
  journal={Optics letters},
  volume={22},
  number={15},
  pages={1129--1131},
  year={1997},
  publisher={Optical Society of America}
}

@article{cai2000observation,
  title={Observation of critical coupling in a fiber taper to a silica-microsphere whispering-gallery mode system},
  author={Cai, Ming and Painter, Oskar and Vahala, Kerry J},
  journal={Physical review letters},
  volume={85},
  number={1},
  pages={74},
  year={2000},
  publisher={APS}
}

@article{carmon2007visible,
  title={Visible continuous emission from a silica microphotonic device by third-harmonic generation},
  author={Carmon, Tal and Vahala, Kerry J},
  journal={Nature Physics},
  volume={3},
  number={6},
  pages={430--435},
  year={2007},
  publisher={Nature Publishing Group}
}

@article{kozyreff2008whispering,
  title={Whispering-gallery-mode phase matching for surface second-order nonlinear optical processes in spherical microresonators},
  author={Kozyreff, Gregory and Juarez, JL Dominguez and Martorell, Jordi},
  journal={Physical Review A},
  volume={77},
  number={4},
  pages={043817},
  year={2008},
  publisher={APS}
}

@article{kippenberg2004kerr,
  title={Kerr-nonlinearity optical parametric oscillation in an ultrahigh-Q toroid microcavity},
  author={Kippenberg, T J and Spillane, S M and Vahala, K J},
  journal={Physical review letters},
  volume={93},
  number={8},
  pages={083904},
  year={2004},
  publisher={APS}
}

@article{spillane2002ultralow,
  title={Ultralow-threshold Raman laser using a spherical dielectric microcavity},
  author={Spillane, S M and Kippenberg, T J and Vahala, K J},
  journal={Nature}, 
  volume={415},
  number={6872},
  pages={621--623},
  year={2002},
  publisher={Nature Publishing Group}
}

@article{haus1991coupled,
  title={Coupled-mode theory},
  author={Haus, Hermann A and Huang, Weiping},
  journal={Proceedings of the IEEE},
  volume={79},
  number={10},
  pages={1505--1518},
  year={1991},
  publisher={IEEE}
}


@article{farnesi2014optical,
  title={Optical frequency conversion in silica-whispering-gallery-mode microspherical resonators},
  author={Farnesi, D and Barucci, A and Righini, GC and Berneschi, S and Soria, S and Conti, G Nunzi},
  journal={Physical review letters},
  volume={112},
  number={9},
  pages={093901},
  year={2014},
  publisher={APS}
}

@article{del2011octave,
  title={Octave spanning tunable frequency comb from a microresonator},
  author={Del¡¯Haye, Pascal and Herr, T and Gavartin, E and Gorodetsky, ML and Holzwarth, Ronald and Kippenberg, Tobias J},
  journal={Physical Review Letters},
  volume={107},
  number={6},
  pages={063901},
  year={2011},
  publisher={APS}
}

@article{herr2014temporal,
  title={Temporal solitons in optical microresonators},
  author={Herr, T and Brasch, V and Jost, JD and Wang, CY and Kondratiev, NM and Gorodetsky, ML and Kippenberg, TJ},
  journal={Nature Photonics},
  volume={8},
  number={2},
  pages={145--152},
  year={2014},
  publisher={Nature Research}
}

@article{carmon2004dynamical,
  title={Dynamical thermal behavior and thermal self-stability of microcavities},
  author={Carmon, Tal and Yang, Lan and Vahala, Kerry J},
  journal={Optics Express},
  volume={12},
  number={20},
  pages={4742--4750},
  year={2004},
  publisher={Optical Society of America}
}

@article{ilchenko1992thermal,
  title={Thermal nonlinear effects in optical whispering gallery microresonators},
  author={Ilchenko, VS and Gorodetskii, ML},
  journal={Laser Phys},
  volume={2},
  number={6},
  pages={1004--1009},
  year={1992}
}

@article{treussart1998evidence,
  title={Evidence for intrinsic Kerr bistability of high-Q microsphere resonators in superfluid helium},
  author={Treussart, Fea and Ilchenko, VS and Roch, J-F and Hare, J and Lefevre-Seguin, V and Raimond, J-M and Haroche, S},
  journal={The European Physical Journal D-Atomic, Molecular, Optical and Plasma Physics},
  volume={1},
  number={3},
  pages={235--238},
  year={1998},
  publisher={Springer}
}

@article{fomin2005nonstationary,
  title={Nonstationary nonlinear effects in optical microspheres},
  author={Fomin, Alexey E and Gorodetsky, Michael L and Grudinin, Ivan S and Ilchenko, Vladimir S},
  journal={JOSA B},
  volume={22},
  number={2},
  pages={459--465},
  year={2005},
  publisher={Optical Society of America}
}

@article{moore2011continuous,
  title={Continuous-wave ultraviolet emission through fourth-harmonic generation in a whispering-gallery resonator},
  author={Moore, Jeremy and Tomes, Matthew and Carmon, Tal and Jarrahi, Mona},
  journal={Optics Express},
  volume={19},
  number={24},
  pages={24139--24146},
  year={2011},
  publisher={Optical Society of America}
}

@article{wang2014integrated,
  title={Integrated high quality factor lithium niobate microdisk resonators},
  author={Wang, Cheng and Burek, Michael J and Lin, Zin and Atikian, Haig A and Venkataraman, Vivek and Huang, I-Chun and Stark, Peter and Lon{\v{c}}ar, Marko},
  journal={Optics express},
  volume={22},
  number={25},
  pages={30924--30933},
  year={2014},
  publisher={Optical Society of America}
}

@incollection{boyd2003nonlinear,
  title={Nonlinear optics},
  author={Boyd, Robert W},
year={2003},
  publisher={Academic}

}

@article{heinz1991second,
  title={Second-order nonlinear optical effects at surfaces and interfaces},
  author={Heinz, Tony F},
  journal={Nonlinear surface electromagnetic phenomena},
  volume={29},
  year={1991},
  publisher={Elsevier, Amsterdam}
}

@article{rodriguez2008calibration,
  title={Calibration of the second-order nonlinear optical susceptibility of surface and bulk of glass},
  author={Rodriguez, Francisco J and Wang, Fu Xiang and Kauranen, Martti},
  journal={Optics express},
  volume={16},
  number={12},
  pages={8704--8710},
  year={2008},
  publisher={Optical Society of America}
}

@article{mandel1982squeezing,
  title={Squeezing and photon antibunching in harmonic generation},
  author={Mandel, Lo},
  journal={Optics Communications},
  volume={42},
  number={6},
  pages={437--439},
  year={1982},
  publisher={Elsevier}
}

@article{lugiato1983squeezed,
  title={Squeezed states in second-harmonic generation},
  author={Lugiato, Luigi A and De Martini, F and Strini, G},
  journal={Optics letters},
  volume={8},
  number={5},
  pages={256--258},
  year={1983},
  publisher={Optical Society of America}
}

@article{kwiat1995new,
  title={New high-intensity source of polarization-entangled photon pairs},
  author={Kwiat, Paul G and Mattle, Klaus and Weinfurter, Harald and Zeilinger, Anton and Sergienko, Alexander V and Shih, Yanhua},
  journal={Physical Review Letters},
  volume={75},
  number={24},
  pages={4337},
  year={1995},
  publisher={APS}
}

@article{leuthold2010nonlinear,
  title={Nonlinear silicon photonics},
  author={Leuthold, J and Koos, C and Freude, W},
  journal={Nat. Photon.},
  volume={4},
  number={8},
  pages={535},
  year={2010},
  publisher={Nature Publishing Group}
}

@article{moss2013new,
  title={New CMOS-compatible platforms based on silicon nitride and Hydex for nonlinear optics},
  author={Moss, David J and Morandotti, Roberto and Gaeta, Alexander L and Lipson, Michal},
  journal={Nat. Photon.},
  volume={7},
  number={8},
  pages={597--607},
  year={2013},
  publisher={Nature Publishing Group}
}

@article{shen1989surface,
  title={Surface properties probed by second-harmonic and sum-frequency generation},
  author={Shen, Y. R.},
  journal={Nature},
  volume={337},
  pages={519--525},
  year={1989}
}

@article{jacobsen2006strained,
  title={Strained silicon as a new electro-optic material},
  author={Jacobsen, Rune S and Andersen, Karin N and Borel, Peter I and Fage-Pedersen, Jacob and Frandsen, Lars H and Hansen, Ole and Kristensen, Martin and Lavrinenko, Andrei V and Moulin, Gaid and Ou, Haiyan and others},
  journal={Nature},
  volume={441},
  number={7090},
  pages={199--202},
  year={2006},
  publisher={Nature Publishing Group}
}

@article{cazzanelli2012second,
  title={Second-harmonic generation in silicon waveguides strained by silicon nitride},
  author={Cazzanelli, M and Bianco, F and Borga, E and Pucker, G and Ghulinyan, M and Degoli, E and Luppi, E and V{\'e}niard, V and Ossicini, S and Modotto, D and others},
  journal={Nature materials},
  volume={11},
  number={2},
  pages={148--154},
  year={2012},
  publisher={Nature Research}
}

@article{timurdogan2017electric,
  title={Electric field-induced second-order nonlinear optical effects in silicon waveguides},
  author={Timurdogan, E and Poulton, Christopher V and Byrd, MJ and Watts, MR},
  journal={Nature Photonics},
  volume={11},
  number={3},
  pages={200--206},
  year={2017},
  publisher={Nature Research}
}

@article{heinz1983determination,
  title={Determination of molecular orientation of monolayer adsorbates by optical second-harmonic generation},
  author={Heinz, T F and Tom, H W K and Shen, Y. R.},
  journal={Physical Review A},
  volume={28},
  number={3},
  pages={1883},
  year={1983},
  publisher={APS}
}

@article{corn1994optical,
  title={Optical second harmonic generation as a probe of surface chemistry},
  author={Corn, Robert M and Higgins, Daniel A},
  journal={Chemical reviews},
  volume={94},
  number={1},
  pages={107--125},
  year={1994},
  publisher={ACS Publications}
}


@article{tian2014recent,
  title={Recent progress on sum-frequency spectroscopy},
  author={Tian, CS and Shen, Y R},
  journal={Surface Science Reports},
  volume={69},
  number={2},
  pages={105--131},
  year={2014},
  publisher={Elsevier}
}

@article{del2007optical,
  title={Optical frequency comb generation from a monolithic microresonator},
  author={Del' Haye, P and Schliesser, A and Arcizet, O and Wilken, T and Holzwarth, R and Kippenberg, TJ},
  journal={Nature},
  volume={450},
  number={7173},
  pages={1214--1217},
  year={2007},
  publisher={Nature Publishing Group}
}